,_phi,_phi_err,_velo_eff,_velo_eff_err
2015-09-16 07:06:42.370,2391.21513074,909.17075623,4.14,0.828
2015-09-16 07:06:54.770,2749.45876967,1047.20350237,4.14,0.828
2015-09-16 07:06:58.620,2572.43449662,973.924816505,4.14,0.828
2015-09-16 07:07:02.480,2637.47148055,1016.9916472,4.14,0.828
2015-09-16 07:07:06.330,2720.13145342,1012.69946873,4.14,0.828
2015-09-16 07:07:10.350,2641.24659773,977.237374226,4.14,0.828
2015-09-16 07:07:14.370,2694.89920328,1005.4742888,4.14,0.828
2015-09-16 07:07:18.400,2888.88172762,1071.67498914,4.14,0.828
2015-09-16 07:07:22.330,2951.1861699,1096.48872113,4.14,0.828
2015-09-16 07:07:26.350,2959.77356257,1115.21731053,4.14,0.828
2015-09-16 07:07:30.380,2881.42233286,1097.63997843,4.14,0.828
2015-09-16 07:07:36.320,2776.9381216,1081.81329605,4.14,0.828
2015-09-16 07:07:40.350,2585.52922747,1025.10635854,4.14,0.828
2015-09-16 07:07:44.370,2642.40621308,1044.69973913,4.14,0.828
2015-09-16 07:07:48.390,2606.47338281,1031.7162112,4.14,0.828
2015-09-16 07:07:52.330,2653.79458545,1027.72883009,4.14,0.828
2015-09-16 07:07:56.350,2383.92228904,967.376384436,4.14,0.828
2015-09-16 07:08:00.370,2578.78099963,1056.21006309,4.14,0.828
2015-09-16 07:08:04.390,2625.54445508,1052.03862578,4.14,0.828
2015-09-16 07:08:08.330,2732.33625033,1050.07006212,4.14,0.828
2015-09-16 07:08:12.350,2904.69357392,1127.43186747,4.14,0.828
2015-09-16 07:08:17.960,2820.47403418,1073.42609266,4.14,0.828
2015-09-16 07:08:21.810,2923.26473261,1125.23594905,4.14,0.828
2015-09-16 07:08:25.750,2982.52228912,1158.76968423,4.14,0.828
2015-09-16 07:08:29.610,3085.86023106,1192.52936591,4.14,0.828
2015-09-16 07:08:33.540,3091.10251453,1211.18459937,4.14,0.828
2015-09-16 07:08:37.480,2796.66433681,1176.19183417,4.14,0.828
2015-09-16 07:08:41.330,2865.11600346,1206.19175052,4.14,0.828
2015-09-16 07:08:45.360,2907.73178681,1201.21655662,4.14,0.828
2015-09-16 07:08:49.380,2666.42902798,1201.17241331,4.14,0.828
2015-09-16 07:08:53.310,2620.30396858,1201.63247628,4.14,0.828
2015-09-16 07:08:59.350,2312.66392528,1160.16558851,4.14,0.828
2015-09-16 07:09:03.370,2340.73760018,1094.82200337,4.14,0.828
2015-09-16 07:09:07.390,2510.00414958,1115.10443495,4.14,0.828
2015-09-16 07:09:11.330,2468.49704874,1097.09283487,4.14,0.828
2015-09-16 07:09:15.350,2328.0425981,1103.24913211,4.14,0.828
2015-09-16 07:09:19.370,2366.81469718,1106.63519726,4.14,0.828
2015-09-16 07:09:23.390,2216.19072004,1059.75211721,4.14,0.828
2015-09-16 07:09:27.330,2325.40170876,1107.71372304,4.14,0.828
2015-09-16 07:09:31.350,2246.81211164,1052.91394271,4.14,0.828
2015-09-16 07:09:35.370,2289.62799977,1032.99540014,4.14,0.828
2015-09-16 07:09:40.980,2428.67828511,1046.10229028,4.14,0.828
2015-09-16 07:09:44.920,2436.44195572,1032.8300853,4.14,0.828
2015-09-16 07:09:48.770,2346.27217498,1014.77866578,4.14,0.828
2015-09-16 07:09:52.630,2553.41892761,1105.10496524,4.14,0.828
2015-09-16 07:09:56.480,2521.10939233,1074.03725879,4.14,0.828
2015-09-16 07:10:00.340,2632.82993163,1089.83466704,4.14,0.828
2015-09-16 07:10:04.360,2474.74254481,1036.97049267,4.14,0.828
2015-09-16 07:10:08.380,2563.11911653,1064.28324412,4.14,0.828
2015-09-16 07:10:12.400,2491.36209232,1043.13054775,4.14,0.828
2015-09-16 07:10:16.340,2406.30154946,1011.41665438,4.14,0.828
2015-09-16 07:10:22.540,2540.1959282,1103.78001052,4.14,0.828
2015-09-16 07:10:26.390,2295.72316037,1019.36691771,4.14,0.828
2015-09-16 07:10:30.330,2403.20670072,1067.09918333,4.14,0.828
2015-09-16 07:10:34.350,2294.98318801,1033.3048585,4.14,0.828
2015-09-16 07:10:38.370,2123.6026885,960.505581067,4.14,0.828
2015-09-16 07:10:42.390,2038.27690317,900.460454588,4.14,0.828
2015-09-16 07:10:46.330,2095.13156523,896.560213783,4.14,0.828
2015-09-16 07:10:50.350,2198.06375474,972.088836742,4.14,0.828
2015-09-16 07:10:54.370,2210.38322442,977.912553992,4.14,0.828
2015-09-16 07:10:58.390,2242.34408837,1023.5375579,4.14,0.828
2015-09-16 07:11:04.340,2059.87705232,888.512371447,4.14,0.828
2015-09-16 07:11:08.370,2370.50336927,1030.96749264,4.14,0.828
2015-09-16 07:11:12.380,2388.1036053,1061.12293033,4.14,0.828
2015-09-16 07:11:16.410,2500.76243941,1104.92578826,4.14,0.828
2015-09-16 07:11:20.340,2260.54372644,936.865849278,4.14,0.828
2015-09-16 07:11:24.360,2361.87295529,951.878378736,4.14,0.828
2015-09-16 07:11:28.390,2139.17374634,859.955068631,4.14,0.828
2015-09-16 07:11:32.410,2416.93757464,989.700617355,4.14,0.828
2015-09-16 07:11:36.350,2560.15858051,1036.492782,4.14,0.828
2015-09-16 07:11:40.370,2577.43461952,1042.85182731,4.14,0.828
2015-09-16 07:11:45.900,2695.09316842,1123.90921917,4.14,0.828
2015-09-16 07:11:49.750,2600.41363394,1077.31492243,4.14,0.828
2015-09-16 07:11:53.600,2796.01755879,1138.89503542,4.14,0.828
2015-09-16 07:11:57.460,3160.96365091,1264.09270694,4.14,0.828
2015-09-16 07:12:01.390,3262.45015697,1297.68220192,4.14,0.828
2015-09-16 07:12:05.330,3617.64418904,1385.58446395,4.14,0.828
2015-09-16 07:12:09.350,3550.37595848,1355.83167673,4.14,0.828
2015-09-16 07:12:13.370,3472.8496332,1383.73251485,4.14,0.828
2015-09-16 07:12:17.400,3545.67340312,1359.77083214,4.14,0.828
2015-09-16 07:12:21.330,3577.56424793,1390.26768108,4.14,0.828
2015-09-16 07:12:27.370,3555.08717717,1392.34251678,4.14,0.828
2015-09-16 07:12:31.390,3558.63090074,1383.6358837,4.14,0.828
2015-09-16 07:12:35.320,3483.07758953,1366.35259617,4.14,0.828
2015-09-16 07:12:39.340,3346.92989218,1333.70483507,4.14,0.828
2015-09-16 07:12:43.370,3424.44123479,1360.13731045,4.14,0.828
2015-09-16 07:12:47.390,3180.35768878,1298.12017521,4.14,0.828
2015-09-16 07:12:51.320,3121.129142,1259.80360895,4.14,0.828
2015-09-16 07:12:55.350,3219.78532781,1274.60223796,4.14,0.828
2015-09-16 07:12:59.370,3205.4236483,1291.45183078,4.14,0.828
2015-09-16 07:13:03.390,3319.26032648,1344.61578384,4.14,0.828
2015-09-16 07:13:09.000,3389.84119936,1342.89895408,4.14,0.828
2015-09-16 07:13:12.860,3272.86233281,1344.53009269,4.14,0.828
2015-09-16 07:13:16.790,3320.62295289,1367.93465235,4.14,0.828
2015-09-16 07:13:20.810,3377.61698641,1369.11835789,4.14,0.828
2015-09-16 07:13:24.670,3437.43201226,1393.68050001,4.14,0.828
2015-09-16 07:13:28.610,3585.89068987,1418.38444668,4.14,0.828
2015-09-16 07:13:32.460,3608.31868592,1429.90864452,4.14,0.828
2015-09-16 07:13:36.400,3387.74327514,1397.85422256,4.14,0.828
2015-09-16 07:13:40.340,3501.25497269,1409.50920995,4.14,0.828
2015-09-16 07:13:44.360,3486.86648337,1403.40981748,4.14,0.828
2015-09-16 07:13:49.970,3435.14136315,1393.44431296,4.14,0.828
2015-09-16 07:13:54.330,3207.47567943,1342.48328293,4.14,0.828
2015-09-16 07:13:58.350,3238.10189713,1326.99119777,4.14,0.828
2015-09-16 07:14:02.370,3100.94193663,1289.88431248,4.14,0.828
2015-09-16 07:14:06.390,3234.13760974,1280.55541812,4.14,0.828
2015-09-16 07:14:10.580,3077.56446017,1259.67736659,4.14,0.828
2015-09-16 07:14:14.430,3128.4353782,1260.30582626,4.14,0.828
2015-09-16 07:14:18.370,3091.03262296,1251.82516567,4.14,0.828
2015-09-16 07:14:22.390,2961.61285393,1243.3260139,4.14,0.828
2015-09-16 07:14:26.330,3033.73437369,1255.22032228,4.14,0.828
2015-09-16 07:14:32.440,3101.5536221,1262.137652,4.14,0.828
2015-09-16 07:14:36.380,3016.60693943,1244.23537355,4.14,0.828
2015-09-16 07:14:40.400,2995.41189812,1242.09073096,4.14,0.828
2015-09-16 07:14:44.340,2926.72055447,1235.18990523,4.14,0.828
2015-09-16 07:14:48.360,2780.45444596,1202.17195516,4.14,0.828
2015-09-16 07:14:52.380,2766.02606805,1205.42728491,4.14,0.828
2015-09-16 07:14:56.320,2662.85276957,1186.23504184,4.14,0.828
2015-09-16 07:15:00.340,2712.202439,1200.34064875,4.14,0.828
2015-09-16 07:15:04.360,2684.52565739,1207.1969933,4.14,0.828
2015-09-16 07:15:08.380,2598.74892174,1180.2072746,4.14,0.828
2015-09-16 07:15:14.330,2346.2946031,1119.20415024,4.14,0.828
2015-09-16 07:15:18.350,2338.92135952,1133.01041121,4.14,0.828
2015-09-16 07:15:22.380,2505.77871733,1157.38193689,4.14,0.828
2015-09-16 07:15:26.400,2384.99862362,1136.99973207,4.14,0.828
2015-09-16 07:15:30.330,2373.2330614,1121.51082985,4.14,0.828
2015-09-16 07:15:34.360,2283.6872202,1089.53483845,4.14,0.828
2015-09-16 07:15:38.380,2156.79203059,1015.75333873,4.14,0.828
2015-09-16 07:15:42.400,2250.8930287,1014.74121225,4.14,0.828
2015-09-16 07:15:46.340,2272.66537418,1026.29083655,4.14,0.828
2015-09-16 07:15:50.360,2315.76725729,1049.2926621,4.14,0.828
2015-09-16 07:15:55.970,2516.48476471,1077.82021088,4.14,0.828
2015-09-16 07:15:59.740,2523.15019878,1101.97403886,4.14,0.828
2015-09-16 07:16:03.510,2645.03215041,1146.67179757,4.14,0.828
2015-09-16 07:16:07.450,2747.52879695,1170.73579761,4.14,0.828
2015-09-16 07:16:11.380,2851.13867935,1209.01851551,4.14,0.828
2015-09-16 07:16:15.410,3021.49835252,1253.98795258,4.14,0.828
2015-09-16 07:16:19.340,3089.23087358,1260.8743173,4.14,0.828
2015-09-16 07:16:23.370,3153.67706886,1276.73938736,4.14,0.828
2015-09-16 07:16:27.390,3304.53783565,1297.16167395,4.14,0.828
2015-09-16 07:16:31.410,3335.81190241,1309.61345403,4.14,0.828
2015-09-16 07:16:37.440,3341.72272188,1310.27462453,4.14,0.828
2015-09-16 07:16:41.380,3299.89995367,1319.54743558,4.14,0.828
2015-09-16 07:16:45.400,3308.95919316,1311.33304276,4.14,0.828
2015-09-16 07:16:49.340,3037.35608706,1250.94939719,4.14,0.828
2015-09-16 07:16:53.360,3042.43227429,1232.97688355,4.14,0.828
2015-09-16 07:16:57.380,2982.4760251,1231.46856794,4.14,0.828
2015-09-16 07:17:01.400,3079.02233263,1255.2050914,4.14,0.828
2015-09-16 07:17:05.340,2992.99215301,1241.81854812,4.14,0.828
2015-09-16 07:17:09.360,2840.13486008,1217.33758773,4.14,0.828
2015-09-16 07:17:13.380,3061.25420052,1267.2912331,4.14,0.828
2015-09-16 07:17:19.580,3233.51224922,1321.89416079,4.14,0.828
2015-09-16 07:17:23.520,3118.12321678,1328.95586445,4.14,0.828
2015-09-16 07:17:27.370,3323.87493227,1368.16994367,4.14,0.828
2015-09-16 07:17:31.480,3430.18676546,1383.70956955,4.14,0.828
2015-09-16 07:17:35.500,3389.21881933,1384.10299053,4.14,0.828
2015-09-16 07:17:39.430,3281.4236518,1373.19191228,4.14,0.828
2015-09-16 07:17:43.370,3043.42899025,1331.12918134,4.14,0.828
2015-09-16 07:17:47.480,3289.19385884,1392.65247834,4.14,0.828
2015-09-16 07:17:51.580,3436.96578462,1421.42262143,4.14,0.828
2015-09-16 07:17:55.600,3266.7372182,1395.12965086,4.14,0.828
2015-09-16 07:18:01.720,3409.19270919,1409.31788633,4.14,0.828
2015-09-16 07:18:05.660,3500.97775765,1441.84311535,4.14,0.828
2015-09-16 07:18:09.680,3367.08701585,1437.81778887,4.14,0.828
2015-09-16 07:18:13.620,3412.54240421,1446.97646428,4.14,0.828
2015-09-16 07:18:17.720,3274.12272916,1438.26282762,4.14,0.828
2015-09-16 07:18:21.740,3400.93149501,1455.21774248,4.14,0.828
2015-09-16 07:18:25.760,3263.56185076,1404.36468688,4.14,0.828
2015-09-16 07:18:29.700,3261.82336649,1427.65007676,4.14,0.828
2015-09-16 07:18:33.640,3198.64836787,1416.89004739,4.14,0.828
2015-09-16 07:18:37.490,3065.49086706,1399.75771231,4.14,0.828
2015-09-16 07:18:43.360,3084.93871357,1411.08300343,4.14,0.828
2015-09-16 07:18:47.380,3034.73734806,1411.32260962,4.14,0.828
2015-09-16 07:18:51.400,3062.91496122,1418.66294116,4.14,0.828
2015-09-16 07:18:55.340,2885.69616109,1388.58269395,4.14,0.828
2015-09-16 07:18:59.360,2780.12666792,1355.3399735,4.14,0.828
2015-09-16 07:19:03.380,2666.85130825,1321.32788585,4.14,0.828
2015-09-16 07:19:07.400,2395.29201441,1196.43727839,4.14,0.828
2015-09-16 07:19:11.420,2309.89463473,1160.05962729,4.14,0.828
2015-09-16 07:19:15.360,2309.74858312,1125.96462538,4.14,0.828
2015-09-16 07:19:19.380,2252.2454267,1135.61114505,4.14,0.828
2015-09-16 07:19:24.990,2094.18508164,1122.88598419,4.14,0.828
2015-09-16 07:19:29.350,2243.95862724,1144.58482799,4.14,0.828
2015-09-16 07:19:33.370,2157.40771152,1137.46864762,4.14,0.828
2015-09-16 07:19:37.390,1869.55925109,1016.69114655,4.14,0.828
2015-09-16 07:19:41.410,1893.0535818,1043.04849399,4.14,0.828
2015-09-16 07:19:45.350,1773.28952957,989.5232267,4.14,0.828
2015-09-16 07:19:49.460,1942.06367359,1051.67110493,4.14,0.828
2015-09-16 07:19:53.480,1680.51750107,972.793774587,4.14,0.828
2015-09-16 07:19:57.000,1810.36714409,1007.11087504,4.14,0.828
2015-09-16 07:20:01.440,1679.43783414,888.862332875,4.14,0.828
2015-09-16 07:20:07.380,1798.8715052,888.876122679,4.14,0.828
2015-09-16 07:20:11.490,2177.60268515,1124.35124505,4.14,0.828
2015-09-16 07:20:15.510,2199.29485141,1116.44001644,4.14,0.828
2015-09-16 07:20:19.450,2464.7355804,1177.75919258,4.14,0.828
2015-09-16 07:20:23.470,2510.782975,1186.69047639,4.14,0.828
2015-09-16 07:20:27.490,2325.58115875,1161.09754106,4.14,0.828
2015-09-16 07:20:31.430,2456.21769586,1210.92915116,4.14,0.828
2015-09-16 07:20:35.370,2442.69507142,1209.81326534,4.14,0.828
2015-09-16 07:20:39.390,2414.31600215,1212.36425133,4.14,0.828
2015-09-16 07:20:43.410,2283.87438456,1191.95747454,4.14,0.828
2015-09-16 07:20:49.610,2128.05162008,1155.18462613,4.14,0.828
2015-09-16 07:20:53.550,2227.56553054,1222.02613578,4.14,0.828
2015-09-16 07:20:57.480,2225.33490401,1202.05327915,4.14,0.828
2015-09-16 07:21:01.500,2200.87678628,1170.50651138,4.14,0.828
2015-09-16 07:21:05.440,2224.05564752,1172.31862195,4.14,0.828
2015-09-16 07:21:09.380,1992.26190973,1129.86168035,4.14,0.828
2015-09-16 07:21:13.400,2084.59461396,1136.74970639,4.14,0.828
